@article{marsaglia72,
author = {George Marsaglia},
title = {{Choosing a Point from the Surface of a Sphere}},
volume = {43},
journal = {The Annals of Mathematical Statistics},
number = {2},
publisher = {Institute of Mathematical Statistics},
pages = {645 -- 646},
year = {1972},
doi = {10.1214/aoms/1177692644},
URL = {https://doi.org/10.1214/aoms/1177692644}
}

@article{buffon_noodle,
 ISSN = {00029890, 19300972},
 URL = {http://www.jstor.org/stable/2317945},
 author = {J. F. Ramaley},
 journal = {The American Mathematical Monthly},
 number = {8},
 pages = {916--918},
 publisher = {Mathematical Association of America},
 title = {Buffon's Noodle Problem},
 urldate = {2023-11-05},
 volume = {76},
 year = {1969}
}

@article{spherical_coordinates,
 ISSN = {00029890, 19300972},
 URL = {http://www.jstor.org/stable/2308932},
 author = {L. E. Blumenson},
 journal = {The American Mathematical Monthly},
 number = {1},
 pages = {63--66},
 publisher = {Mathematical Association of America},
 title = {A Derivation of n-Dimensional Spherical Coordinates},
 urldate = {2023-11-05},
 volume = {67},
 year = {1960}
}

